@book{solr3,
    author = {David Smiley},
    title = {Apache Solr 3 Enterprise Search Server},
    year = {2011},
    publisher = {Packt publishing},
    address = {Olton, Birmingham}
}
@book{solr14,
    author = {David Smiley and Eric Pugh},
    title = {Solr 1.4 Enterprise Search Server},
    year = {2009},
    publisher = {Packt publishing},
    address = {Olton, Birmingham}
}
@book{prodrupal6,
    author = {John K. VanDyk},
    title = {Pro Drupal Development},
    year = {2008},
    publisher = {Apress},
    address = {Springer-Verlag, New York}
}
@book{umlmonkey,
    author = {Dan Pilone},
    title = {UML 2.0 pocket reference},
    year = {2006},
    publisher = {O’Reilly},
    address = {Sebastopol, California}
}
@book{prodrupal7,
    author = {Todd Tomlinson and John K. VanDyk},
    title = {Pro Drupal 7 Development},
    year = {2010},
    publisher = {Apress},
    address = {Springer-Verlag, New York}
}
@book{definitiveguide,
    author = {Benjamin Melançon and Jacine Luisi  and Károly Négyesi and Michelle Lauer and Greg Anderson  and Bojhan Somers and Florian Lorétan and Ryan Szrama and Dani Nordin and Susan Stewart and Ed Carlevale and Stefan Freudenberg and Stéphane Corlosquet and Robin Monks and Kasey Qynn Dolin and Greg Stout and Peter Wolanin and Benjamin Doherty and Allie Micka and Kay VanValkenburgh and Claudina Sarahe and Dan Hakimzadeh and Forest Mars and Mike Ryan and Sam Boyer and George Cassie and Nathaniel Catchpole and Dmitri Gaskin and Brian Travis and Mike Gifford and Roy Scholten and Albert Albala and Amye Scavarda and Jake Strawn and Robert Douglass and Moshe Weitzman},
    title = {The Definitive Guide to Drupal 7},
    year = {2011},
    publisher = {Apress},
    address = {Springer-Verlag, New York}
}
@article{Brin98,
    author = {Sergey Brin and Lawrence Page},
    title = {The anatomy of a large-scale hypertextual {Web} search engine},
    journal = {Computer Networks and ISDN Systems},
    volume = {30},
    number = {1--7},
    pages = {107--117},
    year = {1998},
    url = {http://infolab.stanford.edu/~backrub/google.html}
}
@booklet{outofthebox,
author = {Chris Hostetter},
title = {Apache Solr out of the box},
month = nov,
year = {2009},
url = {http://people.apache.org/~hossman/apachecon2009us/}
}
@booklet{codingchops,
author = {Peter Wolanin and Chris Pliakas},
title = {Attain Apache Solr Coding Chops},
month = mar,
year = {2011},
url = {http://chicago2011.drupal.org/sessions/attain-apache-solr-coding-chops}
}
@booklet{solr4highlights,
author = {Mitch Pronschinske},
title = {Major Solr 4 Highlights},
month = dec,
year = {2011},
url = {http://java.dzone.com/videos/major-solr-4-highlights}
}
@booklet{accesslogs,
author = {Geoff Mottram},
title = {Using Apache Access Logs with JMeter},
month = sep,
year = {2004},
url = {http://minaret.biz/tips/jmeter.html}
}
@booklet{solr4tuning,
author = {chrlov},
title = {Some tips for Solr Tuning},
month = dec,
year = {2011},
url = {http://forum.vizrt.com/showthread.php?t=5177}
}
@booklet{jmeterplayback,
author = {Artur Ejsmont},
title = {Jmeter used to playback Apache access logs to generate live-like server load},
month = oct,
year = {2009},
url = {http://artur.ejsmont.org/blog/content/jmeter-used-to-playback-apache-access-logs-to-generate-live-like-server-load}
}
@booklet{searchapi,
author = {Thomas Seidly},
title = {A Flexible New Search API},
month = feb,
year = {2011},
url = {http://bxl2011.drupaldays.org/node/274}
}
